@misc{website:uci,
      author = "Center for Machine Learning and Intelligent Systems",
      title = "Machine Learning Repository",
      month = "August",
      year = "2013",
      url = "http://archive.ics.uci.edu/ml/"
}


